% This file was created with JabRef 2.8.1.
% Encoding: Cp1252

@INPROCEEDINGS{anari2010,
  author = {Anari, V and Mahzouni, P and Amirfattahi, R},
  title = {Computer-aided detection of proliferative cells and mitosis index
	in immunohistichemically images of meningioma},
  booktitle = {Machine Vision and Image Processing (MVIP), 2010 6th Iranian},
  year = {2010},
  pages = {1-5},
  month = {oct.},
  doi = {10.1109/IranianMVIP.2010.5941151},
  owner = {amupadh},
  timestamp = {2012.11.26}
}

@ARTICLE{basavanhally2012,
  author = {Basavanhally, Ajay and Ganesan, Shridar and Feldman, Michael and
	Shih, Natalie and Mies, Carolyn and Tomaszewski, John and Matabhushi,
	Anant},
  title = {Multi-field-of-view framework for computer assisted grading of ER+
	breast cancer from entire histopathology slides},
  journal = {Biomedical Engineering, IEEE Transactions on},
  year = {2012},
  doi = {10.1109/TBME.2010.2060336},
  issn = {0018-9294},
  owner = {amupadh},
  timestamp = {2012.11.26}
}

@ARTICLE{bloom1957,
  author = {Bloom, HJG and Richardson, WW},
  title = {Histological grading and prognosis in breast cancer: a study of 1409
	cases of which 359 have been followed for 15 years},
  journal = {British Journal of Cancer},
  year = {1957},
  volume = {11},
  pages = {359},
  number = {3},
  publisher = {Nature Publishing Group}
}

@ARTICLE{boucheron2007,
  author = {Boucheron, Laura E and Bi, Zhiqiang and Harvey, Neal R and Manjunath,
	BS and Rimm, David L},
  title = {Utility of multispectral imaging for nuclear classification of routine
	clinical histopathology imagery},
  journal = {BMC Cell Biology},
  year = {2007},
  volume = {8},
  pages = {S8},
  number = {Suppl 1},
  publisher = {BioMed Central Ltd}
}

@INPROCEEDINGS{chaudhury2011,
  author = {Chaudhury, Amrita Ray and Iychettira, KK and Iyer, R and Sreedevi,
	A},
  title = {Diagnosis of Invasive Ductal Carcinoma using image processing techniques},
  booktitle = {Image Information Processing (ICIIP), 2011 International Conference
	on},
  year = {2011},
  pages = {1--6},
  organization = {IEEE}
}

@BOOK{cibas2009,
  title = {Cytology: Diagnostic principles and clinical correlates},
  publisher = {Saunders},
  year = {2009},
  author = {Cibas, Edmund S and Ducatman, Barbara S}
}

@INPROCEEDINGS{cosatto2008,
  author = {Cosatto, E and Miller, M and Graf, H P and Meyer, J S},
  title = {Grading nuclear pleomorphism on histological micrographs},
  booktitle = {Pattern Recognition, 2008. ICPR 2008. 19th International Conference
	on},
  year = {2008},
  pages = {1-4},
  month = {Dec.},
  doi = {10.1109/ICPR.2008.4761112},
  issn = {1051-4651},
  owner = {amupadh},
  timestamp = {2012.11.26}
}

@CONFERENCE{dalle2009,
  author = {Dalle, Jean-Romain and Li, Hao and Huang, Chao-Hui and Leow, Wee
	Kheng and Racoceanu, Daniel and Putti, Thomas C},
  title = {Nuclear Pleomorphism Scoring by Selective Cell Nuclei Detection},
  booktitle = {IEEE Workshop on Applications of Computer Vision},
  year = {2009},
  isbn = {978-1-4244-5497-6},
  owner = {user},
  timestamp = {2012.07.04}
}

@ARTICLE{dundar2011,
  author = {Dundar, Murat and Badve, Sunil and Bilgin, Gökhan and Raykar, Vikas
	C and Jain, Rohit K and Sertel, Olcay and Gurcan, Metin N},
  title = {Computerized Classification of Intraductal Breast Lesions Using Histopathological
	Images},
  journal = {Biomedical Engineering, IEEE Transactions on},
  year = {2011},
  volume = {58},
  pages = {1977-1984},
  number = {7},
  month = {july },
  doi = {10.1109/TBME.2011.2110648},
  issn = {0018-9294},
  owner = {amupadh},
  timestamp = {2012.11.26}
}

@ARTICLE{elston1993,
  author = {Elston, EW and Ellis, IO},
  title = {Method for grading breast cancer.},
  journal = {Journal of clinical pathology},
  year = {1993},
  volume = {46},
  pages = {189},
  number = {2},
  publisher = {BMJ Group}
}

@ARTICLE{fernandez2005,
  author = {Fernandez, Daniel C and Bhargava, Rohit and Hewitt, Stephen M and
	Levin, Ira W},
  title = {Infrared spectroscopic imaging for histopathologic recognition},
  journal = {Nature biotechnology},
  year = {2005},
  volume = {23},
  pages = {469--474},
  number = {4},
  publisher = {Nature Publishing Group}
}

@ARTICLE{fuchs2011,
  author = {Fuchs, Thomas J and Buhmann, Joachim M},
  title = {Computational pathology: Challenges and promises for tissue analysis},
  journal = {Computerized Medical Imaging and Graphics},
  year = {2011},
  volume = {35},
  pages = {515--530},
  number = {7},
  publisher = {Elsevier}
}

@ARTICLE{galloway1975,
  author = {Galloway, M.M.},
  title = {Texture analysis using gray level run lengths},
  journal = {CGIP},
  year = {1975},
  volume = {4},
  pages = {172-9},
  owner = {amupadh},
  timestamp = {2013.03.28}
}

@INPROCEEDINGS{gentry1999,
  author = {Gentry, Stephen M and Levenson, Richard M},
  title = {Biomedical applications of the information-efficient spectral imaging
	sensor (ISIS)},
  booktitle = {BiOS'99 International Biomedical Optics Symposium},
  year = {1999},
  pages = {129--142},
  organization = {International Society for Optics and Photonics}
}

@INPROCEEDINGS{giger2004,
  author = {Giger, Maryellen L},
  title = {Computerized analysis of images in the detection and diagnosis of
	breast cancer},
  booktitle = {Seminars in Ultrasound, CT, and MRI},
  year = {2004},
  volume = {25},
  number = {5},
  pages = {411--418},
  organization = {Elsevier}
}

@INCOLLECTION{gong2013,
  author = {Gong, Yun},
  title = {Breast Cancer: Pathology, Cytology, and Core Needle Biopsy Methods
	for Diagnosis},
  booktitle = {Breast and Gynecological Cancers},
  publisher = {Springer New York},
  year = {2013},
  editor = {Shetty, Mahesh K.},
  pages = {19-37},
  doi = {10.1007/978-1-4614-1876-4_2},
  isbn = {978-1-4614-1875-7},
  language = {English},
  url = {http://dx.doi.org/10.1007/978-1-4614-1876-4_2}
}

@ARTICLE{gurcan2009,
  author = {Gurcan, Metin N and Boucheron, Laura E and Can, Ali and Madabhushi,
	Anant and Rajpoot, Nasir M and Yener, Bulent},
  title = {Histopathological image analysis: A review},
  journal = {Biomedical Engineering, IEEE Reviews in},
  year = {2009},
  volume = {2},
  pages = {147--171},
  publisher = {IEEE}
}

@ARTICLE{haralick1973,
  author = {Haralick, R.M. and Shanmugam, K. and Dinstein, I.H.},
  title = {Textural Features for Image Classification},
  journal = {IEEE Trnas. on Systems, Man and Cybernetics},
  year = {1973},
  volume = {3},
  pages = {610-21},
  owner = {amupadh},
  timestamp = {2013.03.28}
}

@ARTICLE{irshad2013a,
  author = {Irshad, Humayun and Jalali, Sepehr and Roux, Ludovic and Racoceanu,
	Daniel and Joo-Hwee, Lim and Naour, Gilles Le and Capron, Fr{\'e}d{\'e}rique},
  title = {Automated Mitosis Detection Using Texture, SIFT Features and HMAX
	Biologically Inspired Approach},
  journal = {Journal of Pathology Informatics},
  year = {in press}
}

@ARTICLE{irshad2013b,
  author = {Irshad, Humayun and Roux, Ludovic and Racoceanu, Daniel},
  title = {Automated Mitosis Detection in Histopathology using Morphological
	and Multi-channel Statistics Features},
  journal = {Journal of Pathology Informatics},
  year = {in press}
}

@ARTICLE{Keenan2000,
  author = {Keenan, Stephen J and Diamond, James and Glenn McCluggage, W and
	Bharucha, Hoshang and Thompson, Deborah and Bartels, Peter H and
	Hamilton, Peter W},
  title = {An automated machine vision system for the histological grading of
	cervical intraepithelial neoplasia (CIN)},
  journal = {Journal of Pathology},
  year = {2000},
  volume = {192},
  pages = {351-362},
  number = {3},
  doi = {10.1002/1096-9896(2000)9999:9999<::AID-PATH708>3.0.CO;2-I},
  issn = {1096-9896},
  owner = {user},
  publisher = {John Wiley \& Sons, Ltd.},
  timestamp = {2012.07.04}
}

@INPROCEEDINGS{khan2012b,
  author = {Khan, Adnan M and El-Daly, Hesham and Rajpoot, Nasir M},
  title = {A Gamma-Gaussian mixture model for detection of mitotic cells in
	breast cancer histopathology images},
  booktitle = {Pattern Recognition (ICPR), 2012 21st International Conference on},
  year = {2012},
  pages = {149--152},
  organization = {IEEE}
}

@ARTICLE{khelifi2012,
  author = {Khelifi, Riad and Adel, Mouloud and Bourennane, Salah},
  title = {Multispectral texture characterization: application to computer aided
	diagnosis on prostatic tissue images},
  journal = {EURASIP Journal on Advances in Signal Processing},
  year = {2012},
  volume = {2012},
  pages = {1--13},
  number = {1},
  publisher = {Springer}
}

@ARTICLE{levenson2006b,
  author = {Levenson, Richard M},
  title = {Spectral imaging perspective on cytomics},
  journal = {Cytometry Part A},
  year = {2006},
  volume = {69},
  pages = {592--600},
  number = {7},
  publisher = {Wiley Online Library}
}

@INPROCEEDINGS{levenson2003,
  author = {Levenson, Richard M and Cronin, Paul J and Pankratov, Kirill K},
  title = {Spectral imaging for brightfield microscopy},
  booktitle = {Biomedical Optics 2003},
  year = {2003},
  pages = {27--33},
  organization = {International Society for Optics and Photonics}
}

@ARTICLE{levenson2008,
  author = {Levenson, Richard M and Fornari, Alessandro and Loda, Massimo},
  title = {Multispectral imaging and pathology: seeing and doing more},
  journal = {Expert Opinion on Medical Diagnostics},
  year = {2008},
  volume = {2},
  pages = {1067-1081},
  number = {9},
  note = {PMID: 23495926},
  doi = {10.1517/17530059.2.9.1067},
  eprint = {http://informahealthcare.com/doi/pdf/10.1517/17530059.2.9.1067},
  url = {http://informahealthcare.com/doi/abs/10.1517/17530059.2.9.1067}
}

@ARTICLE{levenson2006,
  author = {Levenson, Richard M and Mansfield, James R},
  title = {Multispectral imaging in biology and medicine: slices of life},
  journal = {Cytometry Part A},
  year = {2006},
  volume = {69},
  pages = {748--758},
  number = {8},
  publisher = {Wiley Online Library}
}

@INPROCEEDINGS{liu96,
  author = {Liu, H. and Setiono, R.},
  title = {A Probabilistic Approach to Feature Selection - A Filter Solution},
  booktitle = {ICML},
  year = {1996},
  pages = {319-27}
}

@ARTICLE{liu2011,
  author = {Liu, Jonathan TC and Loewke, Nathan O and Mandella, Michael J and
	Levenson, Richard M and Crawford, James M and Contag, Christopher
	H},
  title = {Point-of-care pathology with miniature microscopes},
  journal = {Analytical Cellular Pathology},
  year = {2011},
  volume = {34},
  pages = {81--98},
  number = {3},
  publisher = {IOS Press}
}

@INCOLLECTION{jiemin2013,
  author = {Ma, Jiemin and Jemal, Ahmedin},
  title = {Breast Cancer Statistics},
  booktitle = {Breast Cancer Metastasis and Drug Resistance},
  publisher = {Springer New York},
  year = {2013},
  editor = {Ahmad, Aamir},
  pages = {1-18},
  doi = {10.1007/978-1-4614-5647-6_1},
  isbn = {978-1-4614-5646-9},
  keywords = {Breast cancer; Cancer incidence; Age-standardized rate (ASR); Cancer
	mortality; 5-year relative survival; Cancer statistics; Age; Race/ethnicity;
	Socioeconomic status (SES); Geographic variation; Trends; Global
	patterns; Cancer burden},
  language = {English},
  url = {http://dx.doi.org/10.1007/978-1-4614-5647-6_1}
}

@ARTICLE{malon2013,
  author = {Malon, Malon and Cosatto, Eric},
  title = {Classification of Mitotic Figures with Convolutional Neural Networks
	and Seeded Blob Features},
  journal = {Journal of Pathology Informatics},
  year = {in press}
}

@ARTICLE{mansfield2008,
  author = {Mansfield, James R and Hoyt, Clifford and Levenson, Richard M},
  title = {Visualization of Microscopy-Based Spectral Imaging Data from Multi-Label
	Tissue Sections},
  journal = {Current Protocols in Molecular Biology},
  year = {2008},
  pages = {14--19},
  publisher = {Wiley Online Library}
}

@INPROCEEDINGS{masood2009,
  author = {Masood, Khalid and Rajpoot, Nasir},
  title = {Texture based classification of hyperspectral colon biopsy samples
	using CLBP},
  booktitle = {Biomedical Imaging: From Nano to Macro, 2009. ISBI'09. IEEE International
	Symposium on},
  year = {2009},
  pages = {1011--1014},
  organization = {IEEE}
}

@INPROCEEDINGS{naik2008,
  author = {Naik, S. and Doyle, S. and Agner, S. and Madabhushi, A. and Feldman,
	M. and Tomaszewski, J.},
  title = {Automated gland and nuclei segmentation for grading of prostate and
	breast cancer histopathology},
  booktitle = {Biomedical Imaging: From Nano to Macro, 2008. ISBI 2008. 5th IEEE
	International Symposium on},
  year = {2008},
  pages = {284-287},
  publisher = {IEEE},
  doi = {10.1109/ISBI.2008.4540988}
}

@ARTICLE{petushi2006,
  author = {Petushi, Sokol and Garcia, Fernando U and Haber, Marian M and Katsinis,
	Constantine and Tozeren, Aydin},
  title = {Large-scale computations on histology images reveal grade-differentiating
	parameters for breast cancer},
  journal = {BMC Medical Imaging},
  year = {2006},
  volume = {6},
  pages = {14},
  number = {1},
  publisher = {BioMed Central Ltd}
}

@INCOLLECTION{plissiti2013,
  author = {Plissiti, Marina E and Nikou, Christophoros},
  title = {A Review of Automated Techniques for Cervical Cell Image Analysis
	and Classification},
  booktitle = {Biomedical Imaging and Computational Modeling in Biomechanics},
  publisher = {Springer},
  year = {2013},
  pages = {1--18}
}

@INPROCEEDINGS{roula2003,
  author = {Roula, MA and Bouridane, A and Kurugollu, F and Amira, A},
  title = {A quadratic classifier based on multispectral texture features for
	prostate cancer diagnosis},
  booktitle = {Signal Processing and Its Applications, 2003. Proceedings. Seventh
	International Symposium on},
  year = {2003},
  volume = {2},
  pages = {37--40},
  organization = {IEEE}
}

@ARTICLE{roux2013,
  author = {Roux, Ludovic and Racoceanu, Daniel and Lomenie, Nicolas and Kulikova,
	Maria and Irshad, Humayun and Klossa, Jacques and Capron, Frederique
	and Genestie, Catherine and Naour, Gilles Le and Gurcan, Metin N},
  title = {Mitosis Detection in Breast Cancer Histological Images An ICPR 2012
	Contest},
  journal = {Journal of Pathology Informatics},
  year = {in press}
}

@ARTICLE{sertel2009,
  author = {Sertel, Olcay and Kong, Jun and Catalyurek, Umit and Lozanski, Gerard
	and Saltz, Joel and Gurcan, Metin},
  title = {Histopathological Image Analysis Using Model-Based Intermediate Representations
	and Color Texture: Follicular Lymphoma Grading},
  journal = {Journal of Signal Processing Systems},
  year = {2009},
  volume = {55},
  pages = {169-183},
  issn = {1939-8018},
  issue = {1},
  owner = {user},
  publisher = {Springer New York},
  timestamp = {2012.07.04}
}

@ARTICLE{stewart1998,
  author = {Stewart, CJ and Duncan, JA and Farquharson, M and Richmond, J},
  title = {Fine needle aspiration cytology diagnosis of malignant lymphoma and
	reactive lymphoid hyperplasia.},
  journal = {Journal of clinical pathology},
  year = {1998},
  volume = {51},
  pages = {197--203},
  number = {3},
  publisher = {BMJ Publishing Group Ltd and Association of Clinical Pathologists}
}

@ARTICLE{wells2007,
  author = {Wells, Wendy A and Barker, Peter E and MacAulay, Calum and Novelli,
	Marco and Levenson, Richard M and Crawford, James M},
  title = {Validation of novel optical imaging technologies: the pathologists
	view},
  journal = {Journal of biomedical optics},
  year = {2007},
  volume = {12},
  pages = {051801--051801},
  number = {5},
  publisher = {International Society for Optics and Photonics}
}

@ARTICLE{wolberg1993,
  author = {Wolberg, William H and Street, W Nick and Mangasarian, Olvi L},
  title = {Breast cytology diagnosis via digital image analysis},
  journal = {Analytical and Quantitative Cytology and Histology},
  year = {1993},
  volume = {15},
  pages = {396--404},
  number = {6},
  publisher = {Citeseer}
}

@ARTICLE{woolfe1999,
  author = {Woolfe, Franco and Maggioni, Mauro and Davis, Gustave and Warner,
	Frederick and Coifman, Ronald and Zucker, Steven},
  title = {Hyper-spectral microscopic discrimination between normal and cancerous
	colon biopsies},
  journal = {IEEE Transactions on Medical Imaging},
  year = {1999},
  volume = {99},
  number = {99}
}

@ARTICLE{wu2012,
  author = {Wu, Xuqing and Amrikachi, Mojgan and Shah, Shishir K},
  title = {Embedding Topic Discovery in Conditional Random Fields Model for
	Segmenting Nuclei Using Multispectral Data},
  journal = {Biomedical Engineering, IEEE Transactions on},
  year = {2012},
  volume = {59},
  pages = {1539--1549},
  number = {6},
  publisher = {IEEE}
}

@INPROCEEDINGS{wu2009,
  author = {Wu, Xuqing and Shah, Shishir K},
  title = {A fast band selection method to increase image contrast for multispectral
	image segmentation},
  booktitle = {Biomedical Imaging: From Nano to Macro, 2009. ISBI'09. IEEE International
	Symposium on},
  year = {2009},
  pages = {1123--1126},
  organization = {IEEE}
}

@MISC{mITOS2012,
  title = {MITOS contest 2012},
  howpublished = {http://ipal.cnrs.fr/ICPR2012},
  owner = {amupadh},
  timestamp = {2013.03.26}
}

